
@article{nik,
    author = {K. G. Nikolakopoulos et al},
    title = {SRTM vs ASTER elevation products. Comparison for two regions in Crete, Greece.},
    journal = {International Journal of Remote Sensing},
    volume = {27(21)},
    pages = {4819-4838},
    year = {2006}
}

@book{elemstat,
    Title={The Elements of Statistical Learning: Data Mining, Inference, and Prediction},
    author={Hastie, T., Tibshirani, R., Friedman, J.},
    year={2008},
    publisher={Springer Series in Statistics}
}
@misc{lec,
    author = {Morten Hjorth-Jensen},
    title = {Lectures Notes in FYS-STK4155. Data Analysis and Machine Learning: Linear Regression and more Advanced Regression Analysis},
    year = {2019},
    url={https://compphysics.github.io/MachineLearning/doc/pub/Regression/html/Regression.html},
    publisher={Unpublished},
    note = {Accessed: 13.09.2019}
}

@misc{tds1,
    Title={How Good is Your Model? â€” Intro to Resampling Methods.},
    author={Towards Data Science},
    year={2019},
    url = {https://towardsdatascience.com/how-good-is-your-model-intro-to-resampling-methods-2831e832042a},
    note = {Accessed: 13.09.2019}
}

@misc{tds2,
    Title={Ridge and Lasso Regression: A Complete Guide with Python Scikit-Learn.},
    author={Towards Data Science},
    year={2018},
    url = {https://towardsdatascience.com/how-good-is-your-model-intro-to-resampling-methods-2831e832042a},
    note = {Accessed: 13.09.2019}
}

@misc{ss,
    Title={What is Linear Regression},
    author={Statistics Solutions},
    year={2013},
    url = {https://www.statisticssolutions.com/what-is-linear-regression/},
    note = {Accessed: 13.09.2019}
}

@misc{ncss,
    Title={Chapter 335 Ridge regression},
    author={NCSS Statistical Software},
    year={n.d.},
    url = {https://ncss-wpengine.netdna-ssl.com/wp-content/themes/ncss/pdf/Procedures/NCSS/Ridge_Regression.pdf},
    note = {Accessed: 13.09.2019}
}
